%YAML 1.1
%TAG !u! tag:unity3d.com,2011:
--- !u!1001 &100100000
Prefab:
  m_ObjectHideFlags: 1
  serializedVersion: 2
  m_Modification:
    m_TransformParent: {fileID: 0}
    m_Modifications: []
    m_RemovedComponents: []
  m_ParentPrefab: {fileID: 0}
  m_RootGameObject: {fileID: 1511639732901642}
  m_IsPrefabParent: 1
--- !u!1 &1034694988822888
GameObject:
  m_ObjectHideFlags: 0
  m_PrefabParentObject: {fileID: 0}
  m_PrefabInternal: {fileID: 100100000}
  serializedVersion: 5
  m_Component:
  - component: {fileID: 4917638449150290}
  m_Layer: 0
  m_Name: ListenToNativeInput
  m_TagString: Untagged
  m_Icon: {fileID: 0}
  m_NavMeshLayer: 0
  m_StaticEditorFlags: 0
  m_IsActive: 1
--- !u!1 &1250490821228264
GameObject:
  m_ObjectHideFlags: 1
  m_PrefabParentObject: {fileID: 0}
  m_PrefabInternal: {fileID: 100100000}
  serializedVersion: 5
  m_Component:
  - component: {fileID: 4065079400363138}
  - component: {fileID: 114706120122819506}
  m_Layer: 0
  m_Name: UnityInput
  m_TagString: Untagged
  m_Icon: {fileID: 0}
  m_NavMeshLayer: 0
  m_StaticEditorFlags: 0
  m_IsActive: 1
--- !u!1 &1263680164429764
GameObject:
  m_ObjectHideFlags: 1
  m_PrefabParentObject: {fileID: 0}
  m_PrefabInternal: {fileID: 100100000}
  serializedVersion: 5
  m_Component:
  - component: {fileID: 4770294836354744}
  - component: {fileID: 114984475076224582}
  m_Layer: 0
  m_Name: RedirectionNetworkToNative
  m_TagString: Untagged
  m_Icon: {fileID: 0}
  m_NavMeshLayer: 0
  m_StaticEditorFlags: 0
  m_IsActive: 1
--- !u!1 &1357580705623348
GameObject:
  m_ObjectHideFlags: 0
  m_PrefabParentObject: {fileID: 0}
  m_PrefabInternal: {fileID: 100100000}
  serializedVersion: 5
  m_Component:
  - component: {fileID: 4360283361379022}
  - component: {fileID: 114815794022089154}
  - component: {fileID: 114298353655002214}
  m_Layer: 0
  m_Name: ApplyToNative
  m_TagString: Untagged
  m_Icon: {fileID: 0}
  m_NavMeshLayer: 0
  m_StaticEditorFlags: 0
  m_IsActive: 1
--- !u!1 &1438773329122218
GameObject:
  m_ObjectHideFlags: 1
  m_PrefabParentObject: {fileID: 0}
  m_PrefabInternal: {fileID: 100100000}
  serializedVersion: 5
  m_Component:
  - component: {fileID: 4372501808462650}
  - component: {fileID: 114909308251594774}
  m_Layer: 0
  m_Name: Window
  m_TagString: Untagged
  m_Icon: {fileID: 0}
  m_NavMeshLayer: 0
  m_StaticEditorFlags: 0
  m_IsActive: 0
--- !u!1 &1480443508620150
GameObject:
  m_ObjectHideFlags: 1
  m_PrefabParentObject: {fileID: 0}
  m_PrefabInternal: {fileID: 100100000}
  serializedVersion: 5
  m_Component:
  - component: {fileID: 4892292752007490}
  m_Layer: 0
  m_Name: Linux (To Code)
  m_TagString: Untagged
  m_Icon: {fileID: 0}
  m_NavMeshLayer: 0
  m_StaticEditorFlags: 0
  m_IsActive: 0
--- !u!1 &1511639732901642
GameObject:
  m_ObjectHideFlags: 0
  m_PrefabParentObject: {fileID: 0}
  m_PrefabInternal: {fileID: 100100000}
  serializedVersion: 5
  m_Component:
  - component: {fileID: 4708532350157414}
  - component: {fileID: 114082500259159530}
  - component: {fileID: 114019561443457828}
  m_Layer: 0
  m_Name: KeystrokeUtilitySingleton
  m_TagString: Untagged
  m_Icon: {fileID: 0}
  m_NavMeshLayer: 0
  m_StaticEditorFlags: 0
  m_IsActive: 1
--- !u!1 &1564596856976706
GameObject:
  m_ObjectHideFlags: 1
  m_PrefabParentObject: {fileID: 0}
  m_PrefabInternal: {fileID: 100100000}
  serializedVersion: 5
  m_Component:
  - component: {fileID: 4642210734905392}
  m_Layer: 0
  m_Name: Mac (To Code)
  m_TagString: Untagged
  m_Icon: {fileID: 0}
  m_NavMeshLayer: 0
  m_StaticEditorFlags: 0
  m_IsActive: 0
--- !u!1 &1577703439866222
GameObject:
  m_ObjectHideFlags: 1
  m_PrefabParentObject: {fileID: 0}
  m_PrefabInternal: {fileID: 100100000}
  serializedVersion: 5
  m_Component:
  - component: {fileID: 4111023825155488}
  - component: {fileID: 114679030778953246}
  - component: {fileID: 114021883580975880}
  - component: {fileID: 114224623050727184}
  m_Layer: 0
  m_Name: Window
  m_TagString: Untagged
  m_Icon: {fileID: 0}
  m_NavMeshLayer: 0
  m_StaticEditorFlags: 0
  m_IsActive: 0
--- !u!1 &1578317575842960
GameObject:
  m_ObjectHideFlags: 1
  m_PrefabParentObject: {fileID: 0}
  m_PrefabInternal: {fileID: 100100000}
  serializedVersion: 5
  m_Component:
  - component: {fileID: 4263800190635690}
  - component: {fileID: 114666987344304992}
  - component: {fileID: 114786699945178998}
  m_Layer: 0
  m_Name: Android
  m_TagString: Untagged
  m_Icon: {fileID: 0}
  m_NavMeshLayer: 0
  m_StaticEditorFlags: 0
  m_IsActive: 0
--- !u!1 &1612159472061664
GameObject:
  m_ObjectHideFlags: 0
  m_PrefabParentObject: {fileID: 0}
  m_PrefabInternal: {fileID: 100100000}
  serializedVersion: 5
  m_Component:
  - component: {fileID: 4288773548345162}
  m_Layer: 0
  m_Name: ListenToNetwork
  m_TagString: Untagged
  m_Icon: {fileID: 0}
  m_NavMeshLayer: 0
  m_StaticEditorFlags: 0
  m_IsActive: 1
--- !u!1 &1619721989840368
GameObject:
  m_ObjectHideFlags: 1
  m_PrefabParentObject: {fileID: 0}
  m_PrefabInternal: {fileID: 100100000}
  serializedVersion: 5
  m_Component:
  - component: {fileID: 4989161452252828}
  - component: {fileID: 114360892873298430}
  m_Layer: 0
  m_Name: Linux
  m_TagString: Untagged
  m_Icon: {fileID: 0}
  m_NavMeshLayer: 0
  m_StaticEditorFlags: 0
  m_IsActive: 0
--- !u!1 &1663526994077764
GameObject:
  m_ObjectHideFlags: 1
  m_PrefabParentObject: {fileID: 0}
  m_PrefabInternal: {fileID: 100100000}
  serializedVersion: 5
  m_Component:
  - component: {fileID: 4910214192392052}
  - component: {fileID: 114034776464390722}
  m_Layer: 0
  m_Name: Unity
  m_TagString: Untagged
  m_Icon: {fileID: 0}
  m_NavMeshLayer: 0
  m_StaticEditorFlags: 0
  m_IsActive: 1
--- !u!1 &1783182206110060
GameObject:
  m_ObjectHideFlags: 1
  m_PrefabParentObject: {fileID: 0}
  m_PrefabInternal: {fileID: 100100000}
  serializedVersion: 5
  m_Component:
  - component: {fileID: 4161951857849000}
  - component: {fileID: 114876204441346824}
  m_Layer: 0
  m_Name: Mac
  m_TagString: Untagged
  m_Icon: {fileID: 0}
  m_NavMeshLayer: 0
  m_StaticEditorFlags: 0
  m_IsActive: 0
--- !u!1 &1847593074868514
GameObject:
  m_ObjectHideFlags: 1
  m_PrefabParentObject: {fileID: 0}
  m_PrefabInternal: {fileID: 100100000}
  serializedVersion: 5
  m_Component:
  - component: {fileID: 4525467506780174}
  m_Layer: 0
  m_Name: Platform
  m_TagString: Untagged
  m_Icon: {fileID: 0}
  m_NavMeshLayer: 0
  m_StaticEditorFlags: 0
  m_IsActive: 1
--- !u!1 &1950066060424062
GameObject:
  m_ObjectHideFlags: 1
  m_PrefabParentObject: {fileID: 0}
  m_PrefabInternal: {fileID: 100100000}
  serializedVersion: 5
  m_Component:
  - component: {fileID: 4951215288882078}
  - component: {fileID: 114938223899203252}
  m_Layer: 0
  m_Name: KeyCode
  m_TagString: Untagged
  m_Icon: {fileID: 0}
  m_NavMeshLayer: 0
  m_StaticEditorFlags: 0
  m_IsActive: 1
--- !u!4 &4065079400363138
Transform:
  m_ObjectHideFlags: 1
  m_PrefabParentObject: {fileID: 0}
  m_PrefabInternal: {fileID: 100100000}
  m_GameObject: {fileID: 1250490821228264}
  m_LocalRotation: {x: 0, y: 0, z: 0, w: 1}
  m_LocalPosition: {x: 0, y: 0, z: 0}
  m_LocalScale: {x: 1, y: 1, z: 1}
  m_Children: []
  m_Father: {fileID: 4917638449150290}
  m_RootOrder: 0
  m_LocalEulerAnglesHint: {x: 0, y: 0, z: 0}
--- !u!4 &4111023825155488
Transform:
  m_ObjectHideFlags: 1
  m_PrefabParentObject: {fileID: 0}
  m_PrefabInternal: {fileID: 100100000}
  m_GameObject: {fileID: 1577703439866222}
  m_LocalRotation: {x: 0, y: 0, z: 0, w: 1}
  m_LocalPosition: {x: 0, y: 0, z: 0}
  m_LocalScale: {x: 1, y: 1, z: 1}
  m_Children: []
  m_Father: {fileID: 4360283361379022}
  m_RootOrder: 0
  m_LocalEulerAnglesHint: {x: 0, y: 0, z: 0}
--- !u!4 &4161951857849000
Transform:
  m_ObjectHideFlags: 1
  m_PrefabParentObject: {fileID: 0}
  m_PrefabInternal: {fileID: 100100000}
  m_GameObject: {fileID: 1783182206110060}
  m_LocalRotation: {x: 0, y: 0, z: 0, w: 1}
  m_LocalPosition: {x: 0, y: 0, z: 0}
  m_LocalScale: {x: 1, y: 1, z: 1}
  m_Children: []
  m_Father: {fileID: 4360283361379022}
  m_RootOrder: 1
  m_LocalEulerAnglesHint: {x: 0, y: 0, z: 0}
--- !u!4 &4263800190635690
Transform:
  m_ObjectHideFlags: 1
  m_PrefabParentObject: {fileID: 0}
  m_PrefabInternal: {fileID: 100100000}
  m_GameObject: {fileID: 1578317575842960}
  m_LocalRotation: {x: -0, y: -0, z: -0, w: 1}
  m_LocalPosition: {x: 0, y: 0, z: 0}
  m_LocalScale: {x: 1, y: 1, z: 1}
  m_Children: []
  m_Father: {fileID: 4360283361379022}
  m_RootOrder: 3
  m_LocalEulerAnglesHint: {x: 0, y: 0, z: 0}
--- !u!4 &4288773548345162
Transform:
  m_ObjectHideFlags: 1
  m_PrefabParentObject: {fileID: 0}
  m_PrefabInternal: {fileID: 100100000}
  m_GameObject: {fileID: 1612159472061664}
  m_LocalRotation: {x: 0, y: 0, z: 0, w: 1}
  m_LocalPosition: {x: 0, y: 0, z: 0}
  m_LocalScale: {x: 1, y: 1, z: 1}
  m_Children:
  - {fileID: 4770294836354744}
  m_Father: {fileID: 4708532350157414}
  m_RootOrder: 2
  m_LocalEulerAnglesHint: {x: 0, y: 0, z: 0}
--- !u!4 &4360283361379022
Transform:
  m_ObjectHideFlags: 1
  m_PrefabParentObject: {fileID: 0}
  m_PrefabInternal: {fileID: 100100000}
  m_GameObject: {fileID: 1357580705623348}
  m_LocalRotation: {x: -0, y: -0, z: -0, w: 1}
  m_LocalPosition: {x: -551, y: -236, z: 0}
  m_LocalScale: {x: 1, y: 1, z: 1}
  m_Children:
  - {fileID: 4111023825155488}
  - {fileID: 4161951857849000}
  - {fileID: 4989161452252828}
  - {fileID: 4263800190635690}
  - {fileID: 4910214192392052}
  m_Father: {fileID: 4708532350157414}
  m_RootOrder: 1
  m_LocalEulerAnglesHint: {x: 0, y: 0, z: 0}
--- !u!4 &4372501808462650
Transform:
  m_ObjectHideFlags: 1
  m_PrefabParentObject: {fileID: 0}
  m_PrefabInternal: {fileID: 100100000}
  m_GameObject: {fileID: 1438773329122218}
  m_LocalRotation: {x: 0, y: 0, z: 0, w: 1}
  m_LocalPosition: {x: 0, y: 0, z: 0}
  m_LocalScale: {x: 1, y: 1, z: 1}
  m_Children: []
  m_Father: {fileID: 4525467506780174}
  m_RootOrder: 0
  m_LocalEulerAnglesHint: {x: 0, y: 0, z: 0}
--- !u!4 &4525467506780174
Transform:
  m_ObjectHideFlags: 1
  m_PrefabParentObject: {fileID: 0}
  m_PrefabInternal: {fileID: 100100000}
  m_GameObject: {fileID: 1847593074868514}
  m_LocalRotation: {x: -0, y: -0, z: -0, w: 1}
  m_LocalPosition: {x: 0, y: 0, z: 0}
  m_LocalScale: {x: 1, y: 1, z: 1}
  m_Children:
  - {fileID: 4372501808462650}
  - {fileID: 4642210734905392}
  - {fileID: 4892292752007490}
  m_Father: {fileID: 4917638449150290}
  m_RootOrder: 2
  m_LocalEulerAnglesHint: {x: 0, y: 0, z: 0}
--- !u!4 &4642210734905392
Transform:
  m_ObjectHideFlags: 1
  m_PrefabParentObject: {fileID: 0}
  m_PrefabInternal: {fileID: 100100000}
  m_GameObject: {fileID: 1564596856976706}
  m_LocalRotation: {x: -0, y: -0, z: -0, w: 1}
  m_LocalPosition: {x: 0, y: 0, z: 0}
  m_LocalScale: {x: 1, y: 1, z: 1}
  m_Children: []
  m_Father: {fileID: 4525467506780174}
  m_RootOrder: 1
  m_LocalEulerAnglesHint: {x: 0, y: 0, z: 0}
--- !u!4 &4708532350157414
Transform:
  m_ObjectHideFlags: 1
  m_PrefabParentObject: {fileID: 0}
  m_PrefabInternal: {fileID: 100100000}
  m_GameObject: {fileID: 1511639732901642}
  m_LocalRotation: {x: 0, y: 0, z: 0, w: 1}
  m_LocalPosition: {x: 551, y: 236, z: 0}
  m_LocalScale: {x: 1, y: 1, z: 1}
  m_Children:
  - {fileID: 4917638449150290}
  - {fileID: 4360283361379022}
  - {fileID: 4288773548345162}
  m_Father: {fileID: 0}
  m_RootOrder: 0
  m_LocalEulerAnglesHint: {x: 0, y: 0, z: 0}
--- !u!4 &4770294836354744
Transform:
  m_ObjectHideFlags: 1
  m_PrefabParentObject: {fileID: 0}
  m_PrefabInternal: {fileID: 100100000}
  m_GameObject: {fileID: 1263680164429764}
  m_LocalRotation: {x: 0, y: 0, z: 0, w: 1}
  m_LocalPosition: {x: 0, y: 0, z: 0}
  m_LocalScale: {x: 1, y: 1, z: 1}
  m_Children: []
  m_Father: {fileID: 4288773548345162}
  m_RootOrder: 0
  m_LocalEulerAnglesHint: {x: 0, y: 0, z: 0}
--- !u!4 &4892292752007490
Transform:
  m_ObjectHideFlags: 1
  m_PrefabParentObject: {fileID: 0}
  m_PrefabInternal: {fileID: 100100000}
  m_GameObject: {fileID: 1480443508620150}
  m_LocalRotation: {x: -0, y: -0, z: -0, w: 1}
  m_LocalPosition: {x: 0, y: 0, z: 0}
  m_LocalScale: {x: 1, y: 1, z: 1}
  m_Children: []
  m_Father: {fileID: 4525467506780174}
  m_RootOrder: 2
  m_LocalEulerAnglesHint: {x: 0, y: 0, z: 0}
--- !u!4 &4910214192392052
Transform:
  m_ObjectHideFlags: 1
  m_PrefabParentObject: {fileID: 0}
  m_PrefabInternal: {fileID: 100100000}
  m_GameObject: {fileID: 1663526994077764}
  m_LocalRotation: {x: 0, y: 0, z: 0, w: 1}
  m_LocalPosition: {x: 0, y: 0, z: 0}
  m_LocalScale: {x: 1, y: 1, z: 1}
  m_Children: []
  m_Father: {fileID: 4360283361379022}
  m_RootOrder: 4
  m_LocalEulerAnglesHint: {x: 0, y: 0, z: 0}
--- !u!4 &4917638449150290
Transform:
  m_ObjectHideFlags: 1
  m_PrefabParentObject: {fileID: 0}
  m_PrefabInternal: {fileID: 100100000}
  m_GameObject: {fileID: 1034694988822888}
  m_LocalRotation: {x: 0, y: 0, z: 0, w: 1}
  m_LocalPosition: {x: 0, y: 0, z: 0}
  m_LocalScale: {x: 1, y: 1, z: 1}
  m_Children:
  - {fileID: 4065079400363138}
  - {fileID: 4951215288882078}
  - {fileID: 4525467506780174}
  m_Father: {fileID: 4708532350157414}
  m_RootOrder: 0
  m_LocalEulerAnglesHint: {x: 0, y: 0, z: 0}
--- !u!4 &4951215288882078
Transform:
  m_ObjectHideFlags: 1
  m_PrefabParentObject: {fileID: 0}
  m_PrefabInternal: {fileID: 100100000}
  m_GameObject: {fileID: 1950066060424062}
  m_LocalRotation: {x: -0, y: -0, z: -0, w: 1}
  m_LocalPosition: {x: 0, y: 0, z: 0}
  m_LocalScale: {x: 1, y: 1, z: 1}
  m_Children: []
  m_Father: {fileID: 4917638449150290}
  m_RootOrder: 1
  m_LocalEulerAnglesHint: {x: 0, y: 0, z: 0}
--- !u!4 &4989161452252828
Transform:
  m_ObjectHideFlags: 1
  m_PrefabParentObject: {fileID: 0}
  m_PrefabInternal: {fileID: 100100000}
  m_GameObject: {fileID: 1619721989840368}
  m_LocalRotation: {x: -0, y: -0, z: -0, w: 1}
  m_LocalPosition: {x: 0, y: 0, z: 0}
  m_LocalScale: {x: 1, y: 1, z: 1}
  m_Children: []
  m_Father: {fileID: 4360283361379022}
  m_RootOrder: 2
  m_LocalEulerAnglesHint: {x: 0, y: 0, z: 0}
--- !u!114 &114019561443457828
MonoBehaviour:
  m_ObjectHideFlags: 1
  m_PrefabParentObject: {fileID: 0}
  m_PrefabInternal: {fileID: 100100000}
  m_GameObject: {fileID: 1511639732901642}
  m_Enabled: 1
  m_EditorHideFlags: 0
  m_Script: {fileID: 11500000, guid: 09a999bd02941364e9413a7d8ab7b7e9, type: 3}
  m_Name: 
  m_EditorClassIdentifier: 
  onStrokeReceivedHistory: []
  onNetworkStrokeReceivedHistory: []
  listSize: 10
--- !u!114 &114021883580975880
MonoBehaviour:
  m_ObjectHideFlags: 1
  m_PrefabParentObject: {fileID: 0}
  m_PrefabInternal: {fileID: 100100000}
  m_GameObject: {fileID: 1577703439866222}
  m_Enabled: 1
  m_EditorHideFlags: 0
  m_Script: {fileID: 11500000, guid: 7b4d8889286a30543961ed90e2d38e07, type: 3}
  m_Name: 
  m_EditorClassIdentifier: 
  m_keyboardState:
    m_representedPlatform: 0
    m_capsLockState: 0
    m_numLockState: 0
    m_scrollLockState: 0
  m_isOnWritePlatform: 1
  m_checkHardWareKeyState: 0
  m_useDebug: 0
--- !u!114 &114034776464390722
MonoBehaviour:
  m_ObjectHideFlags: 1
  m_PrefabParentObject: {fileID: 0}
  m_PrefabInternal: {fileID: 100100000}
  m_GameObject: {fileID: 1663526994077764}
  m_Enabled: 1
  m_EditorHideFlags: 0
  m_Script: {fileID: 11500000, guid: fdd4fddffd8bf634e807bcf57226df2f, type: 3}
  m_Name: 
  m_EditorClassIdentifier: 
  m_keyboardState:
    m_representedPlatform: 4
    m_capsLockState: 0
    m_numLockState: 0
    m_scrollLockState: 0
--- !u!114 &114082500259159530
MonoBehaviour:
  m_ObjectHideFlags: 1
  m_PrefabParentObject: {fileID: 0}
  m_PrefabInternal: {fileID: 100100000}
  m_GameObject: {fileID: 1511639732901642}
  m_Enabled: 1
  m_EditorHideFlags: 0
  m_Script: {fileID: 11500000, guid: c2f6a7d21590e9e4d9e005eab91a4aad, type: 3}
  m_Name: 
  m_EditorClassIdentifier: 
--- !u!114 &114224623050727184
MonoBehaviour:
  m_ObjectHideFlags: 1
  m_PrefabParentObject: {fileID: 0}
  m_PrefabInternal: {fileID: 100100000}
  m_GameObject: {fileID: 1577703439866222}
  m_Enabled: 1
  m_EditorHideFlags: 0
  m_Script: {fileID: 11500000, guid: 777805f6c8a1f6e478c297c248e9f2f3, type: 3}
  m_Name: 
  m_EditorClassIdentifier: 
  m_keyboard: {fileID: 114021883580975880}
--- !u!114 &114298353655002214
MonoBehaviour:
  m_ObjectHideFlags: 1
  m_PrefabParentObject: {fileID: 0}
  m_PrefabInternal: {fileID: 100100000}
  m_GameObject: {fileID: 1357580705623348}
  m_Enabled: 1
  m_EditorHideFlags: 0
  m_Script: {fileID: 11500000, guid: 8d5575644673b9c4faa6a02f42a91e6a, type: 3}
  m_Name: 
  m_EditorClassIdentifier: 
  m_current: 2
  activators:
  - m_platform: 0200000007000000
    m_objects:
    - {fileID: 1577703439866222}
  - m_platform: 0000000001000000
    m_objects:
    - {fileID: 1783182206110060}
  - m_platform: 0b000000
    m_objects:
    - {fileID: 1578317575842960}
  - m_platform: 0d00000010000000
    m_objects:
    - {fileID: 1619721989840368}
--- !u!114 &114360892873298430
MonoBehaviour:
  m_ObjectHideFlags: 1
  m_PrefabParentObject: {fileID: 0}
  m_PrefabInternal: {fileID: 100100000}
  m_GameObject: {fileID: 1619721989840368}
  m_Enabled: 1
  m_EditorHideFlags: 0
  m_Script: {fileID: 11500000, guid: 777805f6c8a1f6e478c297c248e9f2f3, type: 3}
  m_Name: 
  m_EditorClassIdentifier: 
  m_keyboard: {fileID: 0}
--- !u!114 &114666987344304992
MonoBehaviour:
  m_ObjectHideFlags: 1
  m_PrefabParentObject: {fileID: 0}
  m_PrefabInternal: {fileID: 100100000}
  m_GameObject: {fileID: 1578317575842960}
  m_Enabled: 1
  m_EditorHideFlags: 0
  m_Script: {fileID: 11500000, guid: fdd4fddffd8bf634e807bcf57226df2f, type: 3}
  m_Name: 
  m_EditorClassIdentifier: 
  m_keyboardState:
    m_representedPlatform: 3
    m_capsLockState: 0
    m_numLockState: 0
    m_scrollLockState: 0
--- !u!114 &114679030778953246
MonoBehaviour:
  m_ObjectHideFlags: 1
  m_PrefabParentObject: {fileID: 0}
  m_PrefabInternal: {fileID: 100100000}
  m_GameObject: {fileID: 1577703439866222}
  m_Enabled: 1
  m_EditorHideFlags: 0
  m_Script: {fileID: 11500000, guid: b1540cb2195c0b9448bf67d62eb633dd, type: 3}
  m_Name: 
  m_EditorClassIdentifier: 
  m_windowKeyboard: {fileID: 114021883580975880}
--- !u!114 &114706120122819506
MonoBehaviour:
  m_ObjectHideFlags: 1
  m_PrefabParentObject: {fileID: 0}
  m_PrefabInternal: {fileID: 100100000}
  m_GameObject: {fileID: 1250490821228264}
  m_Enabled: 1
  m_EditorHideFlags: 0
  m_Script: {fileID: 11500000, guid: 4ba44e8c78abc3e49836472c0fdbe6c2, type: 3}
  m_Name: 
  m_EditorClassIdentifier: 
  m_previousInputCharacters: 
  m_inputCharacters: 
  m_onKeyCodeDown:
    m_PersistentCalls:
      m_Calls:
      - m_Target: {fileID: 114082500259159530}
        m_MethodName: NotifyNativeChar
        m_Mode: 0
        m_Arguments:
          m_ObjectArgument: {fileID: 0}
          m_ObjectArgumentAssemblyTypeName: UnityEngine.Object, UnityEngine
          m_IntArgument: 0
          m_FloatArgument: 0
          m_StringArgument: 
          m_BoolArgument: 0
        m_CallState: 2
    m_TypeName: ListenToUnityInput+OnKeyCodeEvent, Assembly-CSharp, Version=0.2.0.0,
      Culture=neutral, PublicKeyToken=null
  m_debug: 0
--- !u!114 &114786699945178998
MonoBehaviour:
  m_ObjectHideFlags: 1
  m_PrefabParentObject: {fileID: 0}
  m_PrefabInternal: {fileID: 100100000}
  m_GameObject: {fileID: 1578317575842960}
  m_Enabled: 1
  m_EditorHideFlags: 0
  m_Script: {fileID: 11500000, guid: 777805f6c8a1f6e478c297c248e9f2f3, type: 3}
  m_Name: 
  m_EditorClassIdentifier: 
  m_keyboard: {fileID: 114666987344304992}
--- !u!114 &114815794022089154
MonoBehaviour:
  m_ObjectHideFlags: 1
  m_PrefabParentObject: {fileID: 0}
  m_PrefabInternal: {fileID: 100100000}
  m_GameObject: {fileID: 1357580705623348}
  m_Enabled: 1
  m_EditorHideFlags: 0
  m_Script: {fileID: 11500000, guid: d6c93547598248c4e8730b54061ec58d, type: 3}
  m_Name: 
  m_EditorClassIdentifier: 
  onKeyDown:
    m_PersistentCalls:
      m_Calls:
      - m_Target: {fileID: 114679030778953246}
        m_MethodName: PressKey
        m_Mode: 0
        m_Arguments:
          m_ObjectArgument: {fileID: 0}
          m_ObjectArgumentAssemblyTypeName: UnityEngine.Object, UnityEngine
          m_IntArgument: 0
          m_FloatArgument: 0
          m_StringArgument: 
          m_BoolArgument: 0
        m_CallState: 2
    m_TypeName: KeystrokeUtilityListener+OnKeyboardTouchRequest, Assembly-CSharp,
      Version=0.2.0.0, Culture=neutral, PublicKeyToken=null
  onKeyUp:
    m_PersistentCalls:
      m_Calls:
      - m_Target: {fileID: 114679030778953246}
        m_MethodName: PressKey
        m_Mode: 0
        m_Arguments:
          m_ObjectArgument: {fileID: 0}
          m_ObjectArgumentAssemblyTypeName: UnityEngine.Object, UnityEngine
          m_IntArgument: 0
          m_FloatArgument: 0
          m_StringArgument: 
          m_BoolArgument: 0
        m_CallState: 2
    m_TypeName: KeystrokeUtilityListener+OnKeyboardTouchRequest, Assembly-CSharp,
      Version=0.2.0.0, Culture=neutral, PublicKeyToken=null
  onCharDown:
    m_PersistentCalls:
      m_Calls:
      - m_Target: {fileID: 114679030778953246}
        m_MethodName: PressKey
        m_Mode: 0
        m_Arguments:
          m_ObjectArgument: {fileID: 0}
          m_ObjectArgumentAssemblyTypeName: UnityEngine.Object, UnityEngine
          m_IntArgument: 0
          m_FloatArgument: 0
          m_StringArgument: 
          m_BoolArgument: 0
        m_CallState: 2
    m_TypeName: KeystrokeUtilityListener+OnKeyboardCharRequest, Assembly-CSharp, Version=0.2.0.0,
      Culture=neutral, PublicKeyToken=null
  onCharUp:
    m_PersistentCalls:
      m_Calls:
      - m_Target: {fileID: 114679030778953246}
        m_MethodName: PressKey
        m_Mode: 0
        m_Arguments:
          m_ObjectArgument: {fileID: 0}
          m_ObjectArgumentAssemblyTypeName: UnityEngine.Object, UnityEngine
          m_IntArgument: 0
          m_FloatArgument: 0
          m_StringArgument: 
          m_BoolArgument: 0
        m_CallState: 2
    m_TypeName: KeystrokeUtilityListener+OnKeyboardCharRequest, Assembly-CSharp, Version=0.2.0.0,
      Culture=neutral, PublicKeyToken=null
  onStrokeRequestASCII:
    m_PersistentCalls:
      m_Calls:
      - m_Target: {fileID: 114679030778953246}
        m_MethodName: StrokeASCII
        m_Mode: 0
        m_Arguments:
          m_ObjectArgument: {fileID: 0}
          m_ObjectArgumentAssemblyTypeName: UnityEngine.Object, UnityEngine
          m_IntArgument: 0
          m_FloatArgument: 0
          m_StringArgument: 
          m_BoolArgument: 0
        m_CallState: 2
    m_TypeName: KeystrokeUtilityListener+OnStrokeASCII, Assembly-CSharp, Version=0.2.0.0,
      Culture=neutral, PublicKeyToken=null
  onStrokeRequestUnicode:
    m_PersistentCalls:
      m_Calls:
      - m_Target: {fileID: 114679030778953246}
        m_MethodName: StrokeUnicode
        m_Mode: 0
        m_Arguments:
          m_ObjectArgument: {fileID: 0}
          m_ObjectArgumentAssemblyTypeName: UnityEngine.Object, UnityEngine
          m_IntArgument: 0
          m_FloatArgument: 0
          m_StringArgument: 
          m_BoolArgument: 0
        m_CallState: 2
    m_TypeName: KeystrokeUtilityListener+OnStrokeUnicode, Assembly-CSharp, Version=0.2.0.0,
      Culture=neutral, PublicKeyToken=null
  onStrokeRequestCharacter:
    m_PersistentCalls:
      m_Calls:
      - m_Target: {fileID: 114679030778953246}
        m_MethodName: Stroke
        m_Mode: 0
        m_Arguments:
          m_ObjectArgument: {fileID: 0}
          m_ObjectArgumentAssemblyTypeName: UnityEngine.Object, UnityEngine
          m_IntArgument: 0
          m_FloatArgument: 0
          m_StringArgument: 
          m_BoolArgument: 0
        m_CallState: 2
    m_TypeName: KeystrokeUtilityListener+OnStrokeCharacter, Assembly-CSharp, Version=0.2.0.0,
      Culture=neutral, PublicKeyToken=null
  onStrokeRequestText:
    m_PersistentCalls:
      m_Calls:
      - m_Target: {fileID: 114679030778953246}
        m_MethodName: Stroke
        m_Mode: 0
        m_Arguments:
          m_ObjectArgument: {fileID: 0}
          m_ObjectArgumentAssemblyTypeName: UnityEngine.Object, UnityEngine
          m_IntArgument: 0
          m_FloatArgument: 0
          m_StringArgument: 
          m_BoolArgument: 0
        m_CallState: 2
    m_TypeName: KeystrokeUtilityListener+OnStrokeText, Assembly-CSharp, Version=0.2.0.0,
      Culture=neutral, PublicKeyToken=null
  onNativeCharacter:
    m_PersistentCalls:
      m_Calls: []
    m_TypeName: KeystrokeUtilityListener+OnNativeCharacter, Assembly-CSharp, Version=0.2.0.0,
      Culture=neutral, PublicKeyToken=null
  onNativeText:
    m_PersistentCalls:
      m_Calls: []
    m_TypeName: KeystrokeUtilityListener+OnNativeString, Assembly-CSharp, Version=0.2.0.0,
      Culture=neutral, PublicKeyToken=null
  onNativeKeyCode:
    m_PersistentCalls:
      m_Calls: []
    m_TypeName: KeystrokeUtilityListener+OnNativeKeyCode, Assembly-CSharp, Version=0.2.0.0,
      Culture=neutral, PublicKeyToken=null
  onNativeWdindowKeyCode:
    m_PersistentCalls:
      m_Calls: []
    m_TypeName: KeystrokeUtilityListener+OnNativeVirtualKeyCode, Assembly-CSharp,
      Version=0.2.0.0, Culture=neutral, PublicKeyToken=null
--- !u!114 &114876204441346824
MonoBehaviour:
  m_ObjectHideFlags: 1
  m_PrefabParentObject: {fileID: 0}
  m_PrefabInternal: {fileID: 100100000}
  m_GameObject: {fileID: 1783182206110060}
  m_Enabled: 1
  m_EditorHideFlags: 0
  m_Script: {fileID: 11500000, guid: 777805f6c8a1f6e478c297c248e9f2f3, type: 3}
  m_Name: 
  m_EditorClassIdentifier: 
  m_keyboard: {fileID: 0}
--- !u!114 &114909308251594774
MonoBehaviour:
  m_ObjectHideFlags: 1
  m_PrefabParentObject: {fileID: 0}
  m_PrefabInternal: {fileID: 100100000}
  m_GameObject: {fileID: 1438773329122218}
  m_Enabled: 1
  m_EditorHideFlags: 0
  m_Script: {fileID: 11500000, guid: 6830802b1f5bb404f8705ce8609e87a0, type: 3}
  m_Name: 
  m_EditorClassIdentifier: 
  m_pressed: 
  m_onKeyCodeDown:
    m_PersistentCalls:
      m_Calls:
      - m_Target: {fileID: 114082500259159530}
        m_MethodName: NotifyNativeWindowKeyCodeDown
        m_Mode: 0
        m_Arguments:
          m_ObjectArgument: {fileID: 0}
          m_ObjectArgumentAssemblyTypeName: UnityEngine.Object, UnityEngine
          m_IntArgument: 0
          m_FloatArgument: 0
          m_StringArgument: 
          m_BoolArgument: 0
        m_CallState: 2
    m_TypeName: ListenToWindowKeyCode+OnWindowKeyCodeEvent, Assembly-CSharp, Version=0.2.0.0,
      Culture=neutral, PublicKeyToken=null
  m_onKeyCodeUp:
    m_PersistentCalls:
      m_Calls:
      - m_Target: {fileID: 114082500259159530}
        m_MethodName: NotifyNativeWindowKeyCodeUp
        m_Mode: 0
        m_Arguments:
          m_ObjectArgument: {fileID: 0}
          m_ObjectArgumentAssemblyTypeName: UnityEngine.Object, UnityEngine
          m_IntArgument: 0
          m_FloatArgument: 0
          m_StringArgument: 
          m_BoolArgument: 0
        m_CallState: 2
    m_TypeName: ListenToWindowKeyCode+OnWindowKeyCodeEvent, Assembly-CSharp, Version=0.2.0.0,
      Culture=neutral, PublicKeyToken=null
  m_unityKeyCodeListened: 01000000020000000300000004000000050000000600000008000000090000000c0000000d0000001000000011000000120000001300000014000000150000001500000015000000170000001800000019000000190000001b0000001c0000001d0000001e0000001f000000200000002100000022000000230000002400000025000000260000002700000028000000290000002a0000002b0000002c0000002d0000002e0000002f000000300000003100000032000000330000003400000035000000360000003700000038000000390000004100000042000000430000004400000045000000460000004700000048000000490000004a0000004b0000004c0000004d0000004e0000004f000000500000005100000052000000530000005400000055000000560000005700000058000000590000005a0000005b0000005c0000005d0000005f000000600000006100000062000000630000006400000065000000660000006700000068000000690000006a0000006b0000006c0000006d0000006e0000006f000000700000007100000072000000730000007400000075000000760000007700000078000000790000007a0000007b0000007c0000007d0000007e0000007f00000080000000810000008200000083000000840000008500000086000000870000009000000091000000a0000000a1000000a2000000a3000000a4000000a5000000a6000000a7000000a8000000a9000000aa000000ab000000ac000000ad000000ae000000af000000b0000000b1000000b2000000b3000000b4000000b5000000b6000000b7000000ba000000bb000000bc000000bd000000be000000bf000000c0000000db000000dc000000dd000000de000000df000000e2000000e5000000e7000000f6000000f7000000f8000000f9000000fa000000fb000000fc000000fd000000fe000000
  m_keyboard:
    m_representedPlatform: 6
    m_capsLockState: 0
    m_numLockState: 0
    m_scrollLockState: 0
  m_debug: 0
--- !u!114 &114938223899203252
MonoBehaviour:
  m_ObjectHideFlags: 1
  m_PrefabParentObject: {fileID: 0}
  m_PrefabInternal: {fileID: 100100000}
  m_GameObject: {fileID: 1950066060424062}
  m_Enabled: 1
  m_EditorHideFlags: 0
  m_Script: {fileID: 11500000, guid: 643daabcff8c8674b82b40c50c851ea0, type: 3}
  m_Name: 
  m_EditorClassIdentifier: 
  m_pressed: 
  m_onKeyCodeDown:
    m_PersistentCalls:
      m_Calls:
      - m_Target: {fileID: 114082500259159530}
        m_MethodName: NotifyNativeUnityKeyCodeDown
        m_Mode: 0
        m_Arguments:
          m_ObjectArgument: {fileID: 0}
          m_ObjectArgumentAssemblyTypeName: UnityEngine.Object, UnityEngine
          m_IntArgument: 0
          m_FloatArgument: 0
          m_StringArgument: 
          m_BoolArgument: 0
        m_CallState: 2
    m_TypeName: ListenToUnityKeyCode+OnKeyCodeEvent, Assembly-CSharp, Version=0.2.0.0,
      Culture=neutral, PublicKeyToken=null
  m_onKeyCodeUp:
    m_PersistentCalls:
      m_Calls:
      - m_Target: {fileID: 114082500259159530}
        m_MethodName: NotifyNativeUnityKeyCodeUp
        m_Mode: 0
        m_Arguments:
          m_ObjectArgument: {fileID: 0}
          m_ObjectArgumentAssemblyTypeName: UnityEngine.Object, UnityEngine
          m_IntArgument: 0
          m_FloatArgument: 0
          m_StringArgument: 
          m_BoolArgument: 0
        m_CallState: 2
    m_TypeName: ListenToUnityKeyCode+OnKeyCodeEvent, Assembly-CSharp, Version=0.2.0.0,
      Culture=neutral, PublicKeyToken=null
  m_unityKeyCodeListened: 0000000008000000090000000c0000000d000000130000001b0000002000000021000000220000002300000024000000260000002700000028000000290000002a0000002b0000002c0000002d0000002e0000002f000000300000003100000032000000330000003400000035000000360000003700000038000000390000003a0000003b0000003c0000003d0000003e0000003f000000400000005b0000005c0000005d0000005e0000005f000000600000006100000062000000630000006400000065000000660000006700000068000000690000006a0000006b0000006c0000006d0000006e0000006f000000700000007100000072000000730000007400000075000000760000007700000078000000790000007a0000007f000000000100000101000002010000030100000401000005010000060100000701000008010000090100000a0100000b0100000c0100000d0100000e0100000f010000100100001101000012010000130100001401000015010000160100001701000018010000190100001a0100001b0100001c0100001d0100001e0100001f0100002001000021010000220100002301000024010000250100002601000027010000280100002c0100002d0100002e0100002f0100003001000031010000320100003301000034010000350100003501000036010000360100003701000038010000390100003b0100003c0100003d0100003e0100003f010000430100004401000045010000460100004701000048010000490100004a0100004b0100004c0100004d0100004e0100004f010000500100005101000052010000530100005401000055010000560100005701000058010000590100005a0100005b0100005c0100005d0100005e0100005f010000600100006101000062010000630100006401000065010000660100006701000068010000690100006a0100006b0100006c0100006d0100006e0100006f010000700100007101000072010000730100007401000075010000760100007701000078010000790100007a0100007b0100007c0100007d0100007e0100007f010000800100008101000082010000830100008401000085010000860100008701000088010000890100008a0100008b0100008c0100008d0100008e0100008f010000900100009101000092010000930100009401000095010000960100009701000098010000990100009a0100009b0100009c0100009d0100009e0100009f010000a0010000a1010000a2010000a3010000a4010000a5010000a6010000a7010000a8010000a9010000aa010000ab010000ac010000ad010000ae010000af010000b0010000b1010000b2010000b3010000b4010000b5010000b6010000b7010000b8010000b9010000ba010000bb010000bc010000bd010000be010000bf010000c0010000c1010000c2010000c3010000c4010000c5010000c6010000c7010000c8010000c9010000ca010000cb010000cc010000cd010000ce010000cf010000d0010000d1010000d2010000d3010000d4010000d5010000d6010000d7010000d8010000d9010000da010000db010000dc010000dd010000de010000df010000e0010000e1010000e2010000e3010000e4010000e5010000e6010000e7010000e8010000e9010000ea010000eb010000ec010000ed010000ee010000ef010000f0010000f1010000f2010000f3010000f4010000f5010000f6010000f7010000f8010000f9010000fa010000fb010000fc010000fd010000
  m_debug: 0
--- !u!114 &114984475076224582
MonoBehaviour:
  m_ObjectHideFlags: 1
  m_PrefabParentObject: {fileID: 0}
  m_PrefabInternal: {fileID: 100100000}
  m_GameObject: {fileID: 1263680164429764}
  m_Enabled: 1
  m_EditorHideFlags: 0
  m_Script: {fileID: 11500000, guid: e15e3c17538742e4884490141d7b3093, type: 3}
  m_Name: 
  m_EditorClassIdentifier: 
